@book{R:1,
  title={Using cultural algorithms to solve optimization problems with a social fabric approach},
  author={Ali, Mostafa Z},
  year={2008},
  publisher={ProQuest}
},
@article{reynolds2010weaving,
  title={Weaving the social fabric: The past, present and future of optimization problem solving with cultural algorithms},
  author={Reynolds, Robert G and Che, Xiangdong and Ali, Mostafa},
  journal={International Journal of Intelligent Computing and Cybernetics},
  volume={3},
  number={4},
  pages={561--592},
  year={2010},
  publisher={Emerald Group Publishing Limited}
},
@inproceedings{che2010robust,
  title={Robust evolution optimization at the edge of chaos: Commercialization of culture algorithms},
  author={Che, Xiangdong and Ali, Mostafa and Reynolds, Robert G},
  booktitle={IEEE Congress on Evolutionary Computation},
  pages={1--8},
  year={2010},
  organization={IEEE}
},
@inproceedings{ali2012socio,
  title={Socio-cultural evolution via neighborhood-restructuring in intricate multi-layered networks},
  author={Ali, Mostafa Z and Salhieh, Ayad M and Reynolds, Robert G},
  booktitle={2012 IEEE Congress on Evolutionary Computation},
  pages={1--8},
  year={2012},
  organization={IEEE}
},
@article{ali2016leveraged,
  title={Leveraged Neighborhood Restructuring in Cultural Algorithms for Solving Real-World Numerical Optimization Problems},
  author={Ali, Mostafa Z and Suganthan, Ponnuthurai N and Reynolds, Robert G and Al-Badarneh, Amer F},
  journal={IEEE transactions on evolutionary computation},
  volume={20},
  number={2},
  pages={218--231},
  year={2016},
  publisher={IEEE}
},
@article{chen2006tribe,
  title={Tribe-PSO: A novel global optimization algorithm and its application in molecular docking},
  author={Chen, Kai and Li, Tonghua and Cao, Tongcheng},
  journal={Chemometrics and intelligent laboratory systems},
  volume={82},
  number={1},
  pages={248--259},
  year={2006},
  publisher={Elsevier}
},
@inproceedings{de2009heterogeneous,
  title={Heterogeneous particle swarm optimizers},
  author={De Oca, Marco A Montes and Pe{\~n}a, Jorge and Stutzle, Thomas and Pinciroli, Carlo and Dorigo, Marco},
  booktitle={2009 IEEE Congress on Evolutionary Computation},
  pages={698--705},
  year={2009},
  organization={IEEE}
},
@book{eiben2003introduction,
	title={Introduction to evolutionary computing},
	author={Eiben, Agoston E and Smith, James E},
	volume={53},
	year={2003},
	publisher={Springer}
},
@techreport{sterling2004aggregation,
	title={Aggregation techniques to characterize social networks},
	author={Sterling, Sara E},
	year={2004},
	institution={DTIC Document}
},
@article{reynolds2008computing,
	title={Computing with the social fabric: The evolution of social intelligence within a cultural framework},
	author={Reynolds, Robert G and Ali, Mostafa},
	journal={IEEE computational intelligence magazine},
	volume={3},
	number={1},
	pages={18--30},
	year={2008},
	publisher={IEEE}
},
@techreport{chen2014problem,
	title={Problem definitions and evaluation criteria for CEC 2015 special session on bound constrained single-objective computationally expensive numerical optimization},
	author={Chen, Q and Liu, B and Zhang, Q and Liang, JJ and Suganthan, PN and Qu, BY},
	year={2014},
	institution={Technical Report, Computational Intelligence Laboratory, Zhengzhou University, Zhengzhou}
},
@book{man2012genetic,
	title={Genetic algorithms: concepts and designs},
	author={Man, Kim-Fung and Tang, Kit Sang and Kwong, Sam},
	year={2012},
	publisher={Springer Science \& Business Media}
},
@book{kennedy2001swarm,
	title={Swarm intelligence},
	author={Kennedy, James and Kennedy, James F and Eberhart, Russell C and Shi, Yuhui},
	year={2001},
	publisher={Morgan Kaufmann}
},
@inproceedings{reynolds1994introduction,
	title={An introduction to cultural algorithms},
	author={Reynolds, Robert G},
	booktitle={Proceedings of the third annual conference on evolutionary programming},
	volume={131139},
	year={1994},
	organization={Singapore}
},
@article{dorigo2006ant,
	title={Ant colony optimization},
	author={Dorigo, Marco and Birattari, Mauro and Stutzle, Thomas},
	journal={IEEE computational intelligence magazine},
	volume={1},
	number={4},
	pages={28--39},
	year={2006},
	publisher={IEEE}
},
@book{clerc2010particle,
	title={Particle swarm optimization},
	author={Clerc, Maurice},
	volume={93},
	year={2010},
	publisher={John Wiley \& Sons}
},
@inproceedings{kobti2013heterogeneous,
	title={Heterogeneous Multi-Population Cultural Algorithm},
	author={Kobti, Ziad and others},
	booktitle={2013 IEEE Congress on Evolutionary Computation},
	pages={292--299},
	year={2013},
	organization={IEEE}
},
@article{guo2011novel,
	title={A novel multi-population cultural algorithm adopting knowledge migration},
	author={Guo, Yi-nan and Cheng, Jian and Cao, Yuan-yuan and Lin, Yong},
	journal={Soft computing},
	volume={15},
	number={5},
	pages={897--905},
	year={2011},
	publisher={Springer}
},
@book{papoulis2002probability,
	title={Probability, random variables, and stochastic processes},
	author={Papoulis, Athanasios and Pillai, S Unnikrishna},
	year={2002},
	publisher={Tata McGraw-Hill Education}
},
